<record><leader>00000cas a22000007a 4500</leader><controlfield tag="001">13956791</controlfield><controlfield tag="008">860726c18979999iauwr ne      0    0eng d</controlfield><datafield ind1=" " ind2=" " tag="010"><subfield code="a">sn 86060078 </subfield></datafield><datafield ind1=" " ind2=" " tag="040"><subfield code="a">INP</subfield><subfield code="b">eng</subfield><subfield code="c">INP</subfield><subfield code="d">OCLCQ</subfield></datafield><datafield ind1=" " ind2=" " tag="042"><subfield code="a">msc</subfield></datafield><datafield ind1="0" ind2="4" tag="245"><subfield code="a">The Afton star-enterprise.</subfield></datafield><datafield ind1="1" ind2="3" tag="246"><subfield code="a">Star-enterprise</subfield></datafield><datafield ind1=" " ind2=" " tag="260"><subfield code="a">Afton, Iowa :</subfield><subfield code="b">J. Knox Hall</subfield></datafield><datafield ind1=" " ind2=" " tag="300"><subfield code="a">v. :</subfield><subfield code="b">ill. ;</subfield><subfield code="c">55 cm.</subfield></datafield><datafield ind1=" " ind2=" " tag="310"><subfield code="a">Weekly</subfield></datafield><datafield ind1="1" ind2=" " tag="362"><subfield code="a">Began in 1897?</subfield><subfield code="z">Cf. Bibl. of Iowa newspapers.</subfield></datafield><datafield ind1=" " ind2=" " tag="500"><subfield code="a">Title varies slightly.</subfield></datafield><datafield ind1=" " ind2=" " tag="500"><subfield code="a">Includes occasional special editions.</subfield></datafield><datafield ind1=" " ind2=" " tag="500"><subfield code="a">Publisher varies.</subfield></datafield><datafield ind1=" " ind2=" " tag="515"><subfield code="a">Official paper of Union County.</subfield></datafield><datafield ind1=" " ind2=" " tag="515"><subfield code="a">Occasional errors in numbering.</subfield></datafield><datafield ind1=" " ind2=" " tag="525"><subfield code="a">Includes occasional supplements.</subfield></datafield><datafield ind1=" " ind2=" " tag="588"><subfield code="a">Description based on: Vol. 24, no. 46 (Dec. 24, 1903).</subfield></datafield><datafield ind1=" " ind2=" " tag="752"><subfield code="a">United States</subfield><subfield code="b">Iowa</subfield><subfield code="c">Union</subfield><subfield code="d">Afton.</subfield></datafield><datafield ind1="0" ind2="4" tag="780"><subfield code="t">Afton enterprise</subfield><subfield code="w">(DLC)sn 86060077</subfield></datafield><datafield ind1="0" ind2="4" tag="780"><subfield code="t">Afton star</subfield></datafield></record>